@book{hager1988advanced,
  title={Advanced turboprop project},
  author={Hager, Roy D},
  volume={495},
  year={1988},
  publisher={Scientific and Technical Information Division, National Aeronautics and~…}
}

@article{wald2006aerodynamics,
  title={The aerodynamics of propellers},
  author={Wald, Quentin R},
  journal={Progress in Aerospace Sciences},
  volume={42},
  number={2},
  pages={85--128},
  year={2006},
  publisher={Elsevier}
}

@book{burton2011wind,
  title={Wind energy handbook},
  author={Burton, Tony and Jenkins, Nick and Sharpe, David and Bossanyi, Ervin},
  year={2011},
  publisher={John Wiley \& Sons}
}

@inproceedings{chauhan2018low,
  title={Low-fidelity aerostructural optimization of aircraft wings with a simplified wingbox model using OpenAeroStruct},
  author={Chauhan, Shamsheer S and Martins, Joaquim RRA},
  booktitle={International Conference on Engineering Optimization},
  pages={418--431},
  year={2018},
  organization={Springer}
}

@inproceedings{clarke2021aerodynamic,
  title={Aerodynamic Optimization of Wing-Mounted Propeller Configurations for Distributed Electric Propulsion Architectures},
  author={Clarke, Matthew A and Erhard, Racheal M and Smart, Jordan T and Alonso, Juan},
  booktitle={AIAA AVIATION 2021 FORUM},
  pages={2471},
  year={2021}
}

@article{kenway2019effective,
  title={Effective adjoint approaches for computational fluid dynamics},
  author={Kenway, Gaetan KW and Mader, Charles A and He, Ping and Martins, Joaquim RRA},
  journal={Progress in Aerospace Sciences},
  volume={110},
  pages={100542},
  year={2019},
  publisher={Elsevier}
}

@inproceedings{botero2016suave,
  title={Suave: An open-source environment for conceptual vehicle design and optimization},
  author={Botero, Emilio M and Wendorff, Andrew and MacDonald, Timothy and Variyar, Anil and Vegh, Julius M and Lukaczyk, Trent W and Alonso, Juan J and Orra, Tarik H and Ilario da Silva, Carlos},
  booktitle={54th AIAA Aerospace Sciences Meeting},
  pages={1275},
  year={2016}
}

@article{openmdao_2019,
Author={Justin S. Gray and John T. Hwang and Joaquim R. R. A. Martins and Kenneth T. Moore and Bret A. Naylor},
Title="{OpenMDAO: An Open-Source Framework for Multidisciplinary Design, Analysis, and Optimization}",
Journal="{Structural and Multidisciplinary Optimization}",
Year={2019},
Volume={59},
pages={1075-1104},
issue={4},
Publisher={Springer},
pdf={http://www.umich.edu/~mdolaboratory/pdf/Gray2019a.pdf},
Doi={10.1007/s00158-019-02211-z},
}

@book{jacob2007first,
  title={A first course in finite elements},
  author={Jacob, Fish and Ted, Belytschko},
  year={2007},
  publisher={Wiley}
}

@article{veldhuis2005propeller,
  title={Propeller wing aerodynamic interference},
  author={Veldhuis, Leonardus Louis Maria},
  year={2005}
}

@book{anderson2010fundamentals,
  title={Fundamentals of aerodynamics},
  author={Anderson Jr, John David},
  year={2010},
  publisher={Tata McGraw-Hill Education}
}

@mastersthesis{peerlings2019,
  title={Holistically improving screening decisions under uncertainty in aircraft conceptual design and technology assessment},
  author={Peerlings, Bram},
  year={2019},
  school={Delft University of Technology}
}

@phdthesis{snyder1967effects,
  title={Effects of a Wingtip-Mounted Propeller on Wing Lift, Induced Drag, and Shed Vortex Pattern},
  author={Snyder Jr, Melvin H},
  year={1967},
  school={Oklahoma State University}
}

@inproceedings{cole2019integrated,
  title={On the Integrated Aerodynamic Design of a Propeller-Wing System},
  author={Cole, Julia A and Krebs, Travis D and Barcelos, Devin F and Yeung, Alton and Bramesfeld, Goetz},
  booktitle={AIAA Scitech 2019 Forum},
  pages={2300},
  year={2019}
}

@inproceedings{blaesser2019propeller,
  title={Propeller-Wing Integration on the Parallel Electric-Gas Architecture with Synergistic Utilization Scheme (PEGASUS) Aircraft},
  author={Blaesser, Nathaniel J},
  booktitle={AIAA Scitech 2019 Forum},
  pages={1809},
  year={2019}
}

@inproceedings{antcliff2017conceptual,
  title={Conceptual design of the parallel electric-gas architecture with synergistic utilization scheme (PEGASUS) concept},
  author={Antcliff, Kevin R and Capristan, Francisco M},
  booktitle={18th AIAA/ISSMO multidisciplinary analysis and optimization conference},
  pages={4001},
  year={2017}
}

@book{capristan2019analysis,
  title={Analysis of the Parallel Electric-Gas Architecture with Synergistic Utilization Scheme (PEGASUS) Concept},
  author={Capristan, Francisco M and Blaesser, Nathaniel J},
  year={2019},
  publisher={National Aeronautics and Space Administration, Langley Research Center}
}

@mastersthesis{willemsen2021,
  title={A Sensitivity Study on the Aerodynamic Performance of a Wingtip-Mounted Tractor Propeller-Wing System},
  author={Willemsen, Roger},
  year={2020},
  school={Delft University of Technology}
}

@mastersthesis{soikkeli2020,
  title={Vertical Tail Reduction Through Differential Thrust},
  author={Soikkeli, J.S.E.},
  year={2020},
  school={Delft University of Technology}
}

@incollection{drela1989xfoil,
  title={XFOIL: An analysis and design system for low Reynolds number airfoils},
  author={Drela, Mark},
  booktitle={Low Reynolds number aerodynamics},
  pages={1--12},
  year={1989},
  publisher={Springer}
}

@incollection{drela1988avl,
  title={AVL (Athena Vortex Lattice)},
  author={Drela, Mark},
  year={1988},
  publisher={Springer}
}

@article{dumitrescu2012inboard,
  title={Inboard stall delay due to rotation},
  author={Dumitrescu, Horia and Cardos, Vladimir},
  journal={Journal of aircraft},
  volume={49},
  number={1},
  pages={101--107},
  year={2012}
}

@article{garabedian1971numerical,
  title={Numerical design of transonic airfoils(Numerical analysis of plane transonic flows past shock free airfoils without boundary layer separation using inverse method of complex characteristics)},
  author={GARABEDIAN, PR and KORN, DG},
  year={1971}
}

@article{mariens2014quasi,
  title={Quasi-three-dimensional aerodynamic solver for multidisciplinary design optimization of lifting surfaces},
  author={Mariens, J and Elham, A and Van Tooren, MJL},
  journal={Journal of Aircraft},
  volume={51},
  number={2},
  pages={547--558},
  year={2014},
  publisher={American Institute of Aeronautics and Astronautics}
}

@article{guzelbey2018numerical,
  title={Numerical investigation of different airfoils at low Reynolds number in terms of aerodynamic performance of sailplanes by using XFLR5},
  author={G{\"U}ZELBEY, {\.I}brahim Halil and ERASLAN, Y{\"u}ksel and DO{\u{G}}RU, Mehmet Hanifi},
  journal={Karadeniz Fen Bilimleri Dergisi},
  volume={8},
  number={1},
  pages={47--65},
  year={2018}
}

@article{maughmer2007low,
  title={Low-Speed, Experimental Results for Two, Heavy Lift Tiltrotor Airfoils},
  author={Maughmer, MD and Somers, DM},
  journal={Airfoils, Inc., Port Matilda, PA},
  year={2007}
}

@misc{jameson,
  title={In Stein, E., de Borst, R. and Hughes, TJR (Eds.), Encyclopedia of Computational Mechanics},
  author={Hughes, TJR and Scovazzi, G and Franca, LP},
  year={2004},
  publisher={John Wiley \& Sons, New York}
}

@mastersthesis{mariens2012wing,
  title={Wing shape multidisciplinary design optimization},
  author={Mariens, Jan},
  year={2012},
  school={Delft University of Technology}
}

@mastersthesis{fischer2017distributed,
  title={Simulation and Analysis fo the Aerodynamic interactions between Distributed Propellers and Wings},
  author={Fischer, Jan-Sören},
  year={2017},
  school={Delft University of Technology}
}

@inproceedings{dantsker2018comparison,
  title={Comparison of Aerodynamic Characterization Methods for Design of Unmanned Aerial Vehicles},
  author={Dantsker, Or and Vahora, Moiz},
  booktitle={2018 AIAA Aerospace Sciences Meeting},
  pages={0272},
  year={2018}
}

@article{ning2014simple,
  title={A simple solution method for the blade element momentum equations with guaranteed convergence},
  author={Ning, S Andrew},
  journal={Wind Energy},
  volume={17},
  number={9},
  pages={1327--1345},
  year={2014},
  publisher={Wiley Online Library}
}

@article{veldhuis1995optimization,
  title={Optimization of tractor propeller/wing configurations},
  author={Veldhuis, LLM},
  journal={Proceedings of the Institution of Mechanical Engineers, Part G: Journal of Aerospace Engineering},
  volume={209},
  number={3},
  pages={215--226},
  year={1995},
  publisher={SAGE Publications Sage UK: London, England}
}

@phdthesis{chauhan2020optimization,
  title={Optimization Studies for Aircraft Considering Propeller-Wing Interaction},
  author={Chauhan, Shamsheer Singh},
  year={2020},
  school={University of Michigan}
}

@article{veldhuis2000aerodynamic,
  title={Aerodynamic optimisation of wings in multi-engined tractor propeller arrangements},
  author={Veldhuis, LLM and Heyma, PM},
  journal={Aircraft design},
  volume={3},
  number={3},
  pages={129--149},
  year={2000},
  publisher={Elsevier}
}

@article{Chauhan2021a,
  author = {Chauhan, Shamsheer and Martins, Joaquim R. R. A.},
  doi = {10.2514/1.C035991},
  journal = {Journal of Aircraft},
  keywords = {ank},
  number = {3},
  pages = {497--513},
  title = {{RANS}-Based Aerodynamic Shape Optimization of a Wing Considering Propeller-Wing Interaction},
  volume = {58},
  year = {2021}
}

@mastersthesis{soikkeli2020vertical,
  title={Vertical Tail Reduction Through Differential Thrust},
  author={Soikkeli, J.S.E.},
  year={2020},
  school={Delft University of Technology}
}

@article{gill2005snopt,
  title={SNOPT: An SQP algorithm for large-scale constrained optimization},
  author={Gill, Philip E and Murray, Walter and Saunders, Michael A},
  journal={SIAM review},
  volume={47},
  number={1},
  pages={99--131},
  year={2005},
  publisher={SIAM}
}

@inproceedings{habermann2020effects,
  title={Effects of Distributed Propulsion on Wing Mass in Aircraft Conceptual Design},
  author={Habermann, Anais Luisa},
  booktitle={AIAA AVIATION 2020 FORUM},
  pages={2625},
  year={2020}
}

@article{cole2021influence,
  title={Influence of Propeller Location, Diameter, and Rotation Direction on Aerodynamic Efficiency},
  author={Cole, JA and Krebs, T and Barcelos, D and Bramesfeld, G},
  journal={Journal of Aircraft},
  volume={58},
  number={1},
  pages={63--71},
  year={2021},
  publisher={American Institute of Aeronautics and Astronautics}
}

@inproceedings{pacini2021towards,
  title={Towards Efficient Aerodynamic and Aeroacoustic Optimization for Urban Air Mobility Vehicle Design},
  author={Pacini, Bernardo and Yildirim, Anil and Davoudi, Behdad and Martins, Joaquim R and Duraisamy, Karthikeyan},
  booktitle={AIAA AVIATION 2021 FORUM},
  pages={3026},
  year={2021}
}

@article{drela2006qprop,
  title={QPROP formulation},
  author={Drela, Mark},
  journal={Massachusetts Inst. of Technology Aeronautics and Astronautics, Cambridge, MA},
  year={2006}
}

@article{cole2019higher,
  title={Higher-order free-wake method for propeller--wing systems},
  author={Cole, Julia A and Maughmer, Mark D and Kinzel, Michael and Bramesfeld, G{\"o}tz},
  journal={Journal of Aircraft},
  volume={56},
  number={1},
  pages={150--165},
  year={2019},
  publisher={American Institute of Aeronautics and Astronautics}
}

@article{elham2013development,
  title={Development and implementation of an advanced, design-sensitive method for wing weight estimation},
  author={Elham, Ali and La Rocca, Gianfranco and van Tooren, Michel JL},
  journal={Aerospace Science and Technology},
  volume={29},
  number={1},
  pages={100--113},
  year={2013},
  publisher={Elsevier}
}

@mastersthesis{ramdin2017,
  title={Prandtl tip loss factor assessed},
  author={Ramdin, S.F.},
  year={2017},
  school={Delft University of Technology}
}

@mastersthesis{quinty2020,
  title={A review of the wingtip-mounted propeller configuration},
  author={van der Leer, Quinty},
  year={2020},
  school={Delft University of Technology}
}

@inproceedings{schmidt2014semi,
  title={A semi-analytical weight estimation method for oval fuselages in conventional and novel aircraft},
  author={Schmidt, Kristian and Vos, Roelof},
  booktitle={52nd Aerospace Sciences Meeting},
  pages={0026},
  year={2014}
}

@article{gu2018automated,
  title={An automated CFD analysis workflow in overall aircraft design applications},
  author={Gu, Xiangyu and Ciampa, Pier Davide and Nagel, Bj{\"o}rn},
  journal={CEAS Aeronautical Journal},
  volume={9},
  number={1},
  pages={3--13},
  year={2018},
  publisher={Springer}
}

@article{elham2013weight,
  title={Weight indexing for multidisciplinary design optimization of lifting surfaces},
  author={Elham, Ali},
  year={2013}
}

@article{spalart2000strategies,
  title={Strategies for turbulence modelling and simulations},
  author={Spalart, Philippe R},
  journal={International journal of heat and fluid flow},
  volume={21},
  number={3},
  pages={252--263},
  year={2000},
  publisher={Elsevier}
}

@book{martins2021engineering,
  title={Engineering design optimization},
  author={Martins, JRRA and Ning, Andrew},
  year={2021},
  publisher={Cambridge University Press}
}

@article{peter2010numerical,
  title={Numerical sensitivity analysis for aerodynamic optimization: A survey of approaches},
  author={Peter, Jacques EV and Dwight, Richard P},
  journal={Computers \& Fluids},
  volume={39},
  number={3},
  pages={373--391},
  year={2010},
  publisher={Elsevier}
}

@article{theodorsen1944theory,
  title={The theory of propellers III--the slipstream contraction with numerical values for two-blade and four-blade propellers},
  author={Theodorsen, Theodore},
  year={1944}
}

@article{betz1919schraubenpropeller,
  title={Schraubenpropeller mit geringstem Energieverlust},
  author={Betz, Albert},
  journal={Gottinger Nachrichten},
  pages={193--213},
  year={1919}
}

@techreport{bass1983techniques,
  title={Techniques of Model Propeller Testing},
  author={Bass, RM},
  year={1983},
  institution={SAE Technical Paper}
}

@phdthesis{sinnige2018aerodynamic,
  title={Aerodynamic and Aeroacoustic Interaction Effects for Tip-Mounted Propellers: An Experimental Study},
  author={Sinnige, Tomas},
  year={2018},
  school={Delft University of Technology}
}

@phdthesis{devries2021HEP,
  title={Hybrid-Electric Aircraft With Over-The-Wing Distributed Propulsion},
  author={de Vries, Reynard},
  year={2021},
  school={Delft University of Technology}
}

@book{leishman2006principles,
  title={Principles of helicopter aerodynamics with CD extra},
  author={Leishman, Gordon J},
  year={2006},
  publisher={Cambridge university press}
}

@article{strack1981technology,
  title={Technology and benefits of aircraft counter rotation propellers},
  author={Strack, WC and Knip, G and Weisbrich, AL and Godston, J and Bradley, E},
  year={1981}
}

@article{miley1988wing,
  title={Wing laminar boundary layer in the presence of a propeller slipstream},
  author={Miley, Stan J and Howard, Richard M and Holmes, Bruce J},
  journal={Journal of Aircraft},
  volume={25},
  number={7},
  pages={606--611},
  year={1988}
}

@article{howard1985investigation,
  title={An investigation of the effects of the propeller slipstream on a laminar wing boundary layer},
  author={Howard, Richard M and Miley, Stan J and Holmes, Bruce J},
  journal={SAE transactions},
  pages={474--485},
  year={1985},
  publisher={JSTOR}
}

@book{blazek2015computational,
  title={Computational fluid dynamics: principles and applications},
  author={Blazek, Jiri},
  year={2015},
  publisher={Butterworth-Heinemann}
}

@book{anderson1995computational,
  title={Computational fluid dynamics},
  author={Anderson, John David and Wendt, J},
  volume={206},
  year={1995},
  publisher={Springer}
}

@article{bakker2006computational,
  title={Computational fluid dynamics},
  author={Bakker, Andre and Marshall, Elizabeth Marden},
  journal={Lecture 5-Solution Methods},
  year={2006}
}

@book{bertin2021aerodynamics,
  title={Aerodynamics for engineers},
  author={Bertin, John J and Cummings, Russell M},
  year={2021},
  publisher={Cambridge University Press}
}

@book{cummings2015applied,
  title={Applied computational aerodynamics: A modern engineering approach},
  author={Cummings, Russell M and Mason, William H and Morton, Scott A and McDaniel, David R},
  volume={53},
  year={2015},
  publisher={Cambridge University Press}
}

@article{braun1997development,
  title={Development and application of the collaborative optimization architecture in a multidisciplinary design environment},
  author={Braun, RD and Kroo, IM},
  journal={Multidisciplinary design optimization: state of the art},
  volume={80},
  pages={98},
  year={1997},
  publisher={SIAM Philadelphia}
}

@article{ning2021using,
  title={Using blade element momentum methods with gradient-based design optimization},
  author={Ning, Andrew},
  journal={Structural and Multidisciplinary Optimization},
  pages={1--24},
  year={2021},
  publisher={Springer}
}

@article{wilson1974applied,
  title={Applied aerodynamics of wind power machines},
  author={Wilson, Robert E and Lissaman, Peter BS},
  journal={National Science Foundation},
  year={1974}
}

@techreport{vries1979fluid,
  title={Fluid dynamic aspects of wind energy conversion},
  author={Vries, O de},
  year={1979},
  institution={Advisory Group for Aerospace Research and Development NEUILLY-SUR-SEINE (France)}
}

@article{shen2005tip,
  title={Tip loss corrections for wind turbine computations},
  author={Shen, Wen Zhong and Mikkelsen, Robert and S{\o}rensen, Jens N{\o}rk{\ae}r and Bak, Christian},
  journal={Wind Energy: An International Journal for Progress and Applications in Wind Power Conversion Technology},
  volume={8},
  number={4},
  pages={457--475},
  year={2005},
  publisher={Wiley Online Library}
}

@inproceedings{branlard2014development,
  title={Development of new tip-loss corrections based on vortex theory and vortex methods},
  author={Branlard, Emmanuel and Gaunaa, Mac},
  booktitle={Journal of Physics: Conference Series},
  volume={555},
  number={1},
  pages={012012},
  year={2014},
  organization={IOP Publishing}
}

@article{dossing2012aerodynamic,
  title={Aerodynamic optimization of wind turbine rotors using a blade element momentum method with corrections for wake rotation and expansion},
  author={D{\o}ssing, Mads and Madsen, Helge Aa and Bak, Christian},
  journal={Wind Energy},
  volume={15},
  number={4},
  pages={563--574},
  year={2012},
  publisher={Wiley Online Library}
}

@article{hjort2019non,
  title={Non-empirical bem corrections relating to angular and axial momentum conservation},
  author={Hjort, S{\o}ren},
  journal={Energies},
  volume={12},
  number={2},
  pages={320},
  year={2019},
  publisher={Multidisciplinary Digital Publishing Institute}
}

@article{madsen2010validation,
  title={Validation and modification of the Blade Element Momentum theory based on comparisons with actuator disc simulations},
  author={Madsen, Helge Aa and Bak, Christian and D{\o}ssing, Mads and Mikkelsen, Robert and {\O}ye, Stig},
  journal={Wind Energy: An International Journal for Progress and Applications in Wind Power Conversion Technology},
  volume={13},
  number={4},
  pages={373--389},
  year={2010},
  publisher={Wiley Online Library}
}

@article{leishman1988validation,
  title={Validation of approximate indicial aerodynamic functions for two-dimensional subsonic flow},
  author={Leishman, JG},
  journal={Journal of Aircraft},
  volume={25},
  number={10},
  pages={914--922},
  year={1988}
}

@article{leishman1989semi,
  title={A Semi-Empirical model for dynamic stall},
  author={Leishman, J Gordon and Beddoes, TS},
  journal={Journal of the American Helicopter society},
  volume={34},
  number={3},
  pages={3--17},
  year={1989},
  publisher={Vertical Flight Society}
}

@article{polat2013aerodynamic,
  title={Aerodynamic shape optimization of wind turbine blades using a parallel genetic algorithm},
  author={Polat, Ozge and Tuncer, Ismail H},
  journal={Procedia Engineering},
  volume={61},
  pages={28--31},
  year={2013},
  publisher={Elsevier}
}

@article{hwang2013optimization,
  title={Optimization of a counter-rotating wind turbine using the blade element and momentum theory},
  author={Hwang, Byeongho and Lee, Seungmin and Lee, Soogab},
  journal={Journal of Renewable and Sustainable Energy},
  volume={5},
  number={5},
  pages={052013},
  year={2013},
  publisher={American Institute of Physics}
}

@article{kwon2015design,
  title={Design of efficient propellers using variable-fidelity aerodynamic analysis and multilevel optimization},
  author={Kwon, Hyung-Il and Yi, Seulgi and Choi, Seongim and Kim, Keunbae},
  journal={Journal of Propulsion and Power},
  volume={31},
  number={4},
  pages={1057--1072},
  year={2015},
  publisher={American Institute of Aeronautics and Astronautics}
}

@inproceedings{lyu2014benchmarking,
  title={Benchmarking optimization algorithms for wing aerodynamic design optimization},
  author={Lyu, Zhoujie and Xu, Zelu and Martins, JRRA},
  booktitle={Proceedings of the 8th International Conference on Computational Fluid Dynamics, Chengdu, Sichuan, China},
  volume={11},
  year={2014}
}

@article{rosenbrock1960automatic,
  title={An automatic method for finding the greatest or least value of a function},
  author={Rosenbrock, HoHo},
  journal={The Computer Journal},
  volume={3},
  number={3},
  pages={175--184},
  year={1960},
  publisher={Oxford University Press}
}

@book{rao2019engineering,
  title={Engineering optimization: theory and practice},
  author={Rao, Singiresu S},
  year={2019},
  publisher={John Wiley \& Sons}
}

@article{kuhn1956investigation,
  title={Investigation of the Aerodynamic Characteristics of a Model Wing-Propeller Combination and of the Wing and Propeller Separately at Angles of Attack up to 90 degrees},
  author={Kuhn, Richard E and Draper, John W},
  year={1956}
}

@article{snyder1969effects,
  title={Effects of wingtip-mounted propellers on wing lift and induced drag.},
  author={SNYDER JR, MELVIN H and ZUMWALT, GLEN W},
  journal={Journal of Aircraft},
  volume={6},
  number={5},
  pages={392--397},
  year={1969}
}

@article{lee2020rotor,
  title={Rotor interactional effects on aerodynamic and noise characteristics of a small multirotor unmanned aerial vehicle},
  author={Lee, Hakjin and Lee, Duck-Joo},
  journal={Physics of Fluids},
  volume={32},
  number={4},
  pages={047107},
  year={2020},
  publisher={AIP Publishing LLC}
}

@article{alvarez2020high,
  title={High-fidelity modeling of multirotor aerodynamic interactions for aircraft design},
  author={Alvarez, Eduardo J and Ning, Andrew},
  journal={AIAA Journal},
  volume={58},
  number={10},
  pages={4385--4400},
  year={2020},
  publisher={American Institute of Aeronautics and Astronautics}
}

@inproceedings{yoon2016computational,
  title={Computational analysis of multi-rotor flows},
  author={Yoon, Steven and Lee, Henry C and Pulliam, Thomas H},
  booktitle={54th AIAA aerospace sciences meeting},
  pages={0812},
  year={2016}
}

@inproceedings{veismann2020high,
  title={High Fidelity Aerodynamic Force Estimation for Multirotor Crafts in Free Flight},
  author={Veismann, Marcel and Gharib, Morteza},
  booktitle={AIAA SciTech 2020 Forum},
  pages={0303},
  year={2020}
}

@article{alvarez2020rotor,
  title={Rotor-on-Rotor Aeroacoustic Interactions of Multirotor in Hover},
  author={Alvarez, Eduardo and Schenk, Austin and Critchfield, Tyler and Ning, Andrew},
  year={2020},
  publisher={AHS}
}

@phdthesis{ning2018experimental,
  title={Experimental investigations on the aerodynamic and aeroacoustic characteristics of small UAS propellers},
  author={Ning, Zhe},
  year={2018},
  school={Iowa State University}
}

@article{de2021aerodynamic,
  title={Aerodynamic interaction between propellers of a distributed-propulsion system in forward flight},
  author={de Vries, Reynard and van Arnhem, Nando and Sinnige, Tomas and Vos, Roelof and Veldhuis, Leo LM},
  journal={Aerospace Science and Technology},
  volume={118},
  pages={107009},
  year={2021},
  publisher={Elsevier}
}

@inproceedings{kim2018review,
  title={A review of distributed electric propulsion concepts for air vehicle technology},
  author={Kim, Hyun D and Perry, Aaron T and Ansell, Phillip J},
  booktitle={2018 AIAA/IEEE Electric Aircraft Technologies Symposium (EATS)},
  pages={1--21},
  year={2018},
  organization={IEEE}
}

@inproceedings{bolk2021numerical,
  title={Numerical Investigation of Propeller--Flap Interaction in Inclined Over-the-Wing Distributed-Propulsion Systems},
  author={B{\"o}lk, S{\"o}ren and de Vries, Reynard and Arnhem, Nando v and Veldhuis, Leo L},
  booktitle={AIAA Scitech 2021 Forum},
  pages={0603},
  year={2021}
}

@techreport{williams1979usaf,
  title={The USAF Stability and Control Digital DATCOM. Volume III. Plot Module},
  author={Williams, John E and Vukelich, Steven R},
  year={1979},
  institution={MCDONNELL DOUGLAS ASTRONAUTICS CO ST LOUIS MO}
}

@inproceedings{koyuncuoglu2022coupled,
  title={Coupled Wing-propeller Aerodynamic Optimization Using the Adjoint Method},
  author={Koyuncuoglu, Heyecan and He, Ping},
  booktitle={AIAA SCITECH 2022 Forum},
  pages={0015},
  year={2022}
}

@inproceedings{veldhuis2004review,
  title={Review of propeller-wing aerodynamic interference},
  author={Veldhuis, LLM},
  booktitle={24th International Congress of the Aeronautical Sciences},
  volume={6},
  number={1},
  year={2004}
}

@article{nguyen2018distributed,
  title={Distributed propulsion aircraft with aeroelastic wing shaping control for improved aerodynamic efficiency},
  author={Nguyen, Nhan T and Reynolds, Kevin and Ting, Eric and Nguyen, Natalia},
  journal={Journal of Aircraft},
  volume={55},
  number={3},
  pages={1122--1140},
  year={2018},
  publisher={American Institute of Aeronautics and Astronautics}
}

@inproceedings{moore2014misconceptions,
  title={Misconceptions of electric aircraft and their emerging aviation markets},
  author={Moore, Mark D},
  booktitle={52nd Aerospace Sciences Meeting},
  pages={0535},
  year={2014}
}

@inproceedings{stoll2014drag,
  title={Drag reduction through distributed electric propulsion},
  author={Stoll, Alex M and Bevirt, JoeBen and Moore, Mark D and Fredericks, William J and Borer, Nicholas K},
  booktitle={14th AIAA aviation technology, integration, and operations conference},
  pages={2851},
  year={2014}
}

@article{ting1969thin,
  title={Thin airfoil in nonuniform parallel streams.},
  author={Ting, L and Liu, CH},
  journal={Journal of Aircraft},
  volume={6},
  number={2},
  pages={173--175},
  year={1969}
}

@article{nederlof2020improved,
  title={Improved modeling of propeller-wing interactions with a lifting-line approach: Investigation of a suitable correction method to account for the finite slipstream height},
  author={Nederlof, Robert},
  year={2020}
}

@article{prabhu1984studies,
  title={Studies on the interference of wings and propeller slipstreams},
  author={Prabhu, Ramadas K},
  year={1984}
}

@article{durgin2011scale,
  title={Scale Modeling of Cessna 172},
  author={Durgin, WW and Kim, CW},
  journal={American Institute of Aeronautics and Astronautics},
  pages={1--9},
  year={2011}
}

@article{rethorst1958aerodynamic,
  title={Aerodynamic of Nonuniform Flows as Related to an Airfoil Extending Through a Circular Jet},
  author={Rethorst, Scott},
  journal={Journal of the Aerospace Sciences},
  volume={25},
  number={1},
  pages={11--28},
  year={1958}
}

@techreport{ewald1998wind,
  title={Wind Tunnel Wall Corrections (la Correction des effets de paroi en soufflerie)},
  author={Ewald, BF},
  year={1998},
  institution={ADVISORY GROUP FOR AEROSPACE RESEARCH AND DEVELOPMENT NEUILLY-SUR-SEINE (FRANCE)}
}

@incollection{koning1935influence,
  title={Influence of the propeller on other parts of the airplane structure},
  author={Koning, C},
  booktitle={Aerodynamic Theory},
  pages={361--430},
  year={1935},
  publisher={Springer}
}